@article{ratcliffe2016defining,
  title={Defining rural at the US Census Bureau},
  author={Ratcliffe, Michael and Burd, Charlynn and Holder, Kelly and Fields, Alison},
  journal={American community survey and geography brief},
  pages={1--8},
  year={2016}
}

@article{hoffman2014no,
  title={The No-U-Turn sampler: adaptively setting path lengths in Hamiltonian Monte Carlo.},
  author={Hoffman, Matthew D and Gelman, Andrew},
  journal={Journal of Machine Learning Research},
  volume={15},
  number={1},
  pages={1593--1623},
  year={2014}
}
@article{salvatier2016probabilistic,
  title={Probabilistic programming in Python using PyMC3},
  author={Salvatier, John and Wiecki, Thomas V and Fonnesbeck, Christopher},
  journal={PeerJ Computer Science},
  volume={2},
  pages={e55},
  year={2016},
  publisher={PeerJ Inc.}
}
@article{nadaraya1964estimating,
  title={On estimating regression},
  author={Nadaraya, Elizbar A},
  journal={Theory of Probability \& Its Applications},
  volume={9},
  number={1},
  pages={141--142},
  year={1964},
  publisher={SIAM}
}

@book{perry2013predictive,
  title={Predictive policing: The role of crime forecasting in law enforcement operations},
  author={Perry, Walt L},
  year={2013},
  publisher={Rand Corporation}
}

@article{setzler2009ems,
  title={EMS call volume predictions: A comparative study},
  author={Setzler, Hubert and Saydam, Cem and Park, Sungjune},
  journal={Computers \& Operations Research},
  volume={36},
  number={6},
  pages={1843--1851},
  year={2009},
  publisher={Elsevier}
}

@article{rohde2010spatial,
  title={Spatial forecasting of residential urban fires: A Bayesian approach},
  author={Rohde, David and Corcoran, Jonathan and Chhetri, Prem},
  journal={Computers, Environment and Urban Systems},
  volume={34},
  number={1},
  pages={58--69},
  year={2010},
  publisher={Elsevier}
}

@article{oliveira2012modeling,
  title={Modeling spatial patterns of fire occurrence in Mediterranean Europe using Multiple Regression and Random Forest},
  author={Oliveira, Sandra and Oehler, Friderike and San-Miguel-Ayanz, Jes{\'u}s and Camia, Andrea and Pereira, Jos{\'e} MC},
  journal={Forest Ecology and Management},
  volume={275},
  pages={117--129},
  year={2012},
  publisher={Elsevier}
}

@article{gilbert2018identifying,
  title={Identifying vulnerable populations to death and injuries from residential fires},
  author={Gilbert, Stanley W and Butry, David T},
  journal={Injury prevention},
  volume={24},
  number={5},
  pages={358--364},
  year={2018},
  publisher={BMJ Publishing Group Ltd}
}

@book{gilbert2018community,
  title={Community Risk Ratings for the FireCARES System},
  author={Gilbert, Stanley and Gilbert, Stanley},
  year={2018},
  publisher={US Department of Commerce, National Institute of Standards and Technology}
}

@article{corcoran2007use,
  title={The use of spatial analytical techniques to explore patterns of fire incidence: A South Wales case study},
  author={Corcoran, Jonathan and Higgs, Gary and Brunsdon, Chris and Ware, Andrew and Norman, Paul},
  journal={Computers, Environment and Urban Systems},
  volume={31},
  number={6},
  pages={623--647},
  year={2007},
  publisher={Elsevier}
}